@Book{book:guide-to-latex,
author = {Kopka, Helmut and Daly, Patrick W.},
title = {A Guide to LATEX},
publisher = {Pearson Education},
year = {2003},
edition = {4},
address = {Boston},
isbn = {0312461661},
}

@Misc{web:kdy-pouzit-latex,
author = {itnetwork.cz},
title = {Kdy je dobré použít LaTeX},
howpublished = {online},
revised = {Poslední změna 2015},
cited = {!2017-04-16},
url = {http://www.itnetwork.cz/software/latex/latex-tutorial-uvod},
}


@Misc{web:chyby,
author = {Sedlmajer, Miroslav},
title = {Nejčastější chyby a jak se jim vyhnout},
howpublished = {online},
revised = {Poslední změna červenec 2005},
cited = {!2017-04-16},
url = {http://http://typografie.wz.cz/chyby.html},
}

@Misc{web:zahadna-typografie-3-nejcastejsi-typograficke-chyby, 
author = {Konečný, Jan},
title = {Záhadná typografie 3 – Nejčastější typografické chyby},
howpublished = {online},
revised = {Poslední změna 24. 9. 2015},
cited = {!2017-04-16},
url = {http://www.jankonecny.cz/zahadna-typografie-3-nejcastejsi-typograficke-chyby},
}

@Book{book:prakticka-typografie,
author = {Kočička, Pavel and Blažek, Filip},
title = {Praktická typografie},
publisher = {Computer Press/CP Books},
year = {2000},
address = {Boston},
isbn = {8072263854},
}

@Article{article:amd-ryzen,
author = {Norris, James and Walton, Jarred},
title = {PC GAMER Issue 291: Mount and Blade 2 Bannerlord},
journal = {PC GAMER},
year = {2017},
number = {291},
pages = {34-35},
}

@BachelorThesis{bc:navrh-procesoru,
author = {Dvořák, Miroslav},
title = {Návrh procesoru ve VHDL},
school = {VUT FIT v Brně},
address = {Brno, Česká republika},
year = {2009},
}

@BachelorThesis{bc:navrh-procesoru-CODAL,
author = {Hájek, Radek},
title = {IMPLEMENTACE PROCESORU MICROBLAZE V JAZYCE CODAL},
school = {VUT FEKT v Brně},
address = {Brno, Česká republika},
year = {2016},
}
