
@Misc{web:arp,
author = {wikipedia.org},
title = {Address Resolution Protocol},
howpublished = {online},
revised = {25. Březen 2017},
cited = {!2017-04-23},
url = {https://en.wikipedia.org/wiki/Address\textunderscore Resolution\textunderscore Protocol},
}

@Misc{web:ioctl,
author = {die.net},
title  = {IOCTL(2) Linux Programmers Manual},
howpublished = {online},
revised = {13. Březen 2017},
cited = {!2017-04-23},
url = {http://man7.org/linux/man-pages/man2/ioctl.2.html},
}